@INPROCEEDINGS{svofps2020,
       author = {{Rodrigo}, C. and {Solano}, E.},
        title = "{The SVO Filter Profile Service}",
    booktitle = {XIV.0 Scientific Meeting (virtual) of the Spanish Astronomical Society},
         year = 2020,
        month = jul,
          eid = {182},
        pages = {182},
       adsurl = {https://ui.adsabs.harvard.edu/abs/2020sea..confE.182R},
      adsnote = {Provided by the SAO/NASA Astrophysics Data System}
}

@ARTICLE{astropy,
   author = {{Astropy Collaboration} and {Robitaille}, T.~P. and {Tollerud}, E.~J. and
	{Greenfield}, P. and {Droettboom}, M. and {Bray}, E. and {Aldcroft}, T. and
	{Davis}, M. and {Ginsburg}, A. and {Price-Whelan}, A.~M. and
	{Kerzendorf}, W.~E. and {Conley}, A. and {Crighton}, N. and
	{Barbary}, K. and {Muna}, D. and {Ferguson}, H. and {Grollier}, F. and
	{Parikh}, M.~M. and {Nair}, P.~H. and {Unther}, H.~M. and {Deil}, C. and
	{Woillez}, J. and {Conseil}, S. and {Kramer}, R. and {Turner}, J.~E.~H. and
	{Singer}, L. and {Fox}, R. and {Weaver}, B.~A. and {Zabalza}, V. and
	{Edwards}, Z.~I. and {Azalee Bostroem}, K. and {Burke}, D.~J. and
	{Casey}, A.~R. and {Crawford}, S.~M. and {Dencheva}, N. and
	{Ely}, J. and {Jenness}, T. and {Labrie}, K. and {Lim}, P.~L. and
	{Pierfederici}, F. and {Pontzen}, A. and {Ptak}, A. and {Refsdal}, B. and
	{Servillat}, M. and {Streicher}, O.},
    title = "{Astropy: A community Python package for astronomy}",
  journal = {\aap},
archivePrefix = "arXiv",
   eprint = {1307.6212},
 primaryClass = "astro-ph.IM",
 keywords = {methods: data analysis, methods: miscellaneous, virtual observatory tools},
     year = 2013,
    month = oct,
   volume = 558,
      eid = {A33},
    pages = {A33},
      doi = {10.1051/0004-6361/201322068},
   adsurl = {http://adsabs.harvard.edu/abs/2013A%26A...558A..33A},
  adsnote = {Provided by the SAO/NASA Astrophysics Data System}
}

@ARTICLE{worthey1994,
       author = {{Worthey}, Guy and {Faber}, S.~M. and {Gonzalez}, J. Jesus and {Burstein}, D.},
        title = "{Old Stellar Populations. V. Absorption Feature Indices for the Complete Lick/IDS Sample of Stars}",
      journal = {\apjs},
     keywords = {Absorption Spectra, Sky Surveys (Astronomy), Star Distribution, Abundance, Metallicity, Stellar Atmospheres, Stellar Gravitation, Stellar Temperature, Astronomy, GALAXIES: STELLAR CONTENT, STARS: ABUNDANCES, STARS: ATMOSPHERES, STARS: FUNDAMENTAL PARAMETERS},
         year = 1994,
        month = oct,
       volume = {94},
        pages = {687},
          doi = {10.1086/192087},
       adsurl = {https://ui.adsabs.harvard.edu/abs/1994ApJS...94..687W},
      adsnote = {Provided by the SAO/NASA Astrophysics Data System}
}

@software{zenodopyphot,
  author       = {Fouesneau, Morgan},
  title        = {pyphot},
  month        = jan,
  year         = 2025,
  publisher    = {Zenodo},
  version      = {pyphot\_v1.6.0},
  doi          = {10.5281/zenodo.14712174},
  url          = {https://doi.org/10.5281/zenodo.14712174},
}

@ARTICLE{Koornneef1986,
       author = {{Koornneef}, J. and {Bohlin}, R. and {Buser}, R. and {Horne}, K. and {Turnshek}, D.},
        title = "{Synthetic photometry and the calibration of the Hubble Space Telescope.}",
      journal = {Highlights of Astronomy},
     keywords = {Astronomical Photometry, Calibrating, Hubble Space Telescope, Bandpass Filters, Reference Stars, Stellar Magnitude, Ubv Spectra, Astronomy, Numerical Methods:Photometric Systems, Photometric Systems:Numerical Methods, Space Telescope:Calibration},
         year = 1986,
        month = jan,
       volume = {7},
        pages = {833-843},
       adsurl = {https://ui.adsabs.harvard.edu/abs/1986HiA.....7..833K},
      adsnote = {Provided by the SAO/NASA Astrophysics Data System}
}

@ARTICLE{Vazdekis2010,
       author = {{Vazdekis}, A. and {S{\'a}nchez-Bl{\'a}zquez}, P. and {Falc{\'o}n-Barroso}, J. and {Cenarro}, A.~J. and {Beasley}, M.~A. and {Cardiel}, N. and {Gorgas}, J. and {Peletier}, R.~F.},
        title = "{Evolutionary stellar population synthesis with MILES - I. The base models and a new line index system}",
      journal = {\mnras},
     keywords = {Astrophysics - Cosmology and Extragalactic Astrophysics},
         year = 2010,
        month = jun,
       volume = {404},
       number = {4},
        pages = {1639-1671},
          doi = {10.1111/j.1365-2966.2010.16407.x},
archivePrefix = {arXiv},
       eprint = {1004.4439},
 primaryClass = {astro-ph.CO},
       adsurl = {https://ui.adsabs.harvard.edu/abs/2010MNRAS.404.1639V},
      adsnote = {Provided by the SAO/NASA Astrophysics Data System}
}


@ARTICLE{Cervantes2009,
       author = {{Cervantes}, J.~L. and {Vazdekis}, A.},
        title = "{An optimized H{\ensuremath{\beta}} index for disentangling stellar population ages}",
      journal = {\mnras},
     keywords = {globular clusters: general, galaxies: abundances, galaxies: elliptical and lenticular, cD, galaxies: stellar content, Astrophysics},
         year = 2009,
        month = jan,
       volume = {392},
       number = {2},
        pages = {691-704},
          doi = {10.1111/j.1365-2966.2008.14079.x},
archivePrefix = {arXiv},
       eprint = {0810.3240},
 primaryClass = {astro-ph},
       adsurl = {https://ui.adsabs.harvard.edu/abs/2009MNRAS.392..691C},
      adsnote = {Provided by the SAO/NASA Astrophysics Data System}
}

@ARTICLE{Rose1985,
       author = {{Rose}, J.~A.},
        title = "{Constraints on stellar populations in elliptical galaxies.}",
      journal = {\aj},
     keywords = {Elliptical Galaxies, Galactic Nuclei, Star Clusters, Stellar Evolution, Dwarf Stars, Hot Stars, Signal To Noise Ratios, Stellar Spectra, Astrophysics},
         year = 1985,
        month = oct,
       volume = {90},
        pages = {1927-1956},
          doi = {10.1086/113898},
       adsurl = {https://ui.adsabs.harvard.edu/abs/1985AJ.....90.1927R},
      adsnote = {Provided by the SAO/NASA Astrophysics Data System}
}

@software{synphot,
       author = {{STScI Development Team}},
        title = "{synphot: Synthetic photometry using Astropy}",
 howpublished = {Astrophysics Source Code Library, record ascl:1811.001},
         year = 2018,
        month = nov,
          eid = {ascl:1811.001},
       adsurl = {https://ui.adsabs.harvard.edu/abs/2018ascl.soft11001S},
      adsnote = {Provided by the SAO/NASA Astrophysics Data System}
}

@software{pysynphot,
       author = {{STScI Development Team}},
        title = "{pysynphot: Synthetic photometry software package}",
 howpublished = {Astrophysics Source Code Library, record ascl:1303.023},
         year = 2013,
        month = mar,
          eid = {ascl:1303.023},
       adsurl = {https://ui.adsabs.harvard.edu/abs/2013ascl.soft03023S},
      adsnote = {Provided by the SAO/NASA Astrophysics Data System}
}


