@article{Lopez18,
    title = {Deep generative modeling for single-cell transcriptomics},
    author = {Romain Lopez and Jeffrey Regier and Michael B. Cole and Michael I. Jordan and Nir Yosef},
    doi = {10.1038/s41592-018-0229-2},
    year = {2018},
    month = nov,
    journal = {Nature Methods},
    volume = {15},
    number = {12},
    pages = {1053--1058},
    publisher = {Nature Publishing Group}
}

@article{Boyeau19,
    title = {Deep Generative Models for Detecting Differential Expression in Single Cells},
    author = {Pierre Boyeau and Romain Lopez and Jeffrey Regier and Adam Gayoso and Michael I. Jordan and Nir Yosef},
    doi = {10.1101/794289},
    year = {2019},
    month = oct,
    journal = {Machine Learning in Computational Biology},
    publisher = {Machine Learning in Computational Biology}
}
